%%%%%%%%%%%%%%%%%%%%%%%% ALAMO CITATIONS %%%%%%%%%%%%%%%%%%%%%%%%                   


@article{hu2024atomistic,
  title={Atomistic-informed phase field modeling of magnesium twin growth by disconnections},
  author={Hu, Yang and Kochmann, Dennis M and Runnels, Brandon},
  journal={arXiv preprint},
  year={2024}
}

@article{meier2024finite,
  title={Finite kinematics diffuse interface mechanics coupled to solid composite propellant deflagration},
  author={Meier, Maycon and Runnels, Brandon},
  journal={Computer Methods in Applied Mechanics and Engineering},
  volume={427},
  pages={117040},
  year={2024},
  publisher={Elsevier}
}

@article{meier2024diffuse,
  title={Diffuse interface method for solid composite propellant ignition and regression},
  author={Meier, Maycon and Schmidt, Emma and Martinez, Patrick and Quinlan, J Matt and Runnels, Brandon},
  journal={Combustion and Flame},
  volume={259},
  pages={113120},
  year={2024},
  publisher={Elsevier}
}

@article{agrawal2023robust,
  title={Robust, strong form mechanics on an adaptive structured grid: efficiently solving variable-geometry near-singular problems with diffuse interfaces},
  author={Agrawal, Vinamra and Runnels, Brandon},
  journal={Computational Mechanics},
  year={2023}
}

@article{eren2022comparison,
  title={Comparison of evolving interfaces, triple points, and quadruple points for discrete and diffuse interface methods},
  author={Eren, Erdem and Runnels, Brandon and Mason, Jeremy},
  journal={Computational Materials Science},
  volume={213},
  pages={111632},
  year={2022},
  publisher={Elsevier}
}
@article{kanagarajan2022diffuse,
  title={A diffuse interface method for solid-phase modeling of regression behavior in solid composite propellants},
  author={Kanagarajan, Baburaj and Quinlan, J Matt and Runnels, Brandon},
  year={2022},
  journal={Combustion and Flame}
}

@article{strutton2022interface,
  title={Interface History on Strain Field Evolution in Epoxy Resins},
  author={Strutton, Jared W and Moser, Newell H and Garboczi, Edward J and Jennings, Abby R and Runnels, Brandon and McCollum, Jena M},
  journal={ACS Applied Polymer Materials},
  year={2022},
  publisher={ACS Publications}
}

@article{gokuli2021multiphase,
  title={Multiphase field modeling of grain boundary migration mediated by emergent disconnections},
  author={Gokuli, Mahi and Runnels, Brandon},
  journal={Acta Materialia},
  volume={217},
  pages={117149},
  year={2021},
  publisher={Elsevier}
}
@article{agrawal2021block,
  title={Block structured adaptive mesh refinement and strong form elasticity approach to phase field fracture with applications to delamination, crack branching and crack deflection},
  author={Agrawal, Vinamra and Runnels, Brandon},
  journal={Computer Methods in Applied Mechanics and Engineering},
  volume={385},
  pages={114011},
  year={2021},
  publisher={Elsevier}
}
@article{runnels2021massively,
  title={Massively parallel finite difference elasticity using block-structured adaptive mesh refinement with a geometric multigrid solver},
  author={Runnels, Brandon and Agrawal, Vinamra and Zhang, Weiqun and Almgren, Ann},
  journal={Journal of Computational Physics},
  volume={427},
  pages={110065},
  year={2021},
  publisher={Elsevier}
}

@article{celestine2020experimental,
  title={Experimental and numerical investigation into mechanical degradation of polymers},
  author={Celestine, Asha-Dee N and Agrawal, Vinamra and Runnels, Brandon},
  journal={Composites Part B: Engineering},
  volume={201},
  pages={108369},
  year={2020},
  publisher={Elsevier}
}
@article{runnels2020phase,
  title={Phase field disconnections: A continuum method for disconnection-mediated grain boundary motion},
  author={Runnels, Brandon and Agrawal, Vinamra},
  journal={Scripta Materialia},
  volume={186},
  pages={6--10},
  year={2020},
  publisher={Elsevier}
}
@article{ribot2019new,
  title={A new approach for phase field modeling of grain boundaries with strongly nonconvex energy},
  author={Ribot, Josep Gras and Agrawal, Vinamra and Runnels, Brandon},
  journal={Modelling and Simulation in Materials Science and Engineering},
  volume={27},
  number={8},
  pages={084007},
  year={2019},
  publisher={IOP Publishing}
}
@article{boyd2025diffuse,
  title={A diffuse boundary method for phase boundaries in viscous compressible flow},
  author={Boyd, Emma M and Sandall, Eric and Meier, Maycon and Quinlan, J Matt and Runnels, Brandon},
  journal={arXiv preprint arXiv:2502.16053},
  year={2025}
}


%%%%%%%%%%%%%%%%%%%%%%%%%% NON-ALAMO CITATIONS %%%%%%%%%%%%%%%%%%%%%%%%%%%%%


@article{kochmann2015phase,
  title={Phase-field modeling of martensitic phase transformations in polycrystals coupled with crystal plasticity--A spectral-based approach},
  author={Kochmann, Julian and Wulfinghoff, Stephan and Svendsen, Bob and Reese, Stefanie},
  journal={PAMM},
  volume={15},
  number={1},
  pages={317--318},
  year={2015},
  publisher={Wiley Online Library}
}

@article{giudicelli2024moose,
   title = {3.0 - {MOOSE}: Enabling massively parallel multiphysics simulations},
   author = {Guillaume Giudicelli and Alexander Lindsay and Logan Harbour and Casey Icenhour and
             Mengnan Li and Joshua E. Hansel and Peter German and Patrick Behne and Oana Marin and
             Roy H. Stogner and Jason M. Miller and Daniel Schwen and Yaqi Wang and Lynn Munday and
             Sebastian Schunert and Benjamin W. Spencer and Dewen Yushu and Antonio Recuero and
             Zachary M. Prince and Max Nezdyur and Tianchen Hu and Yinbin Miao and
             Yeon Sang Jung and Christopher Matthews and April Novak and Brandon Langley and
             Timothy Truster and Nuno Nobre and Brian Alger and David Andr{\v{s}} and
             Fande Kong and Robert Carlsen and Andrew E. Slaughter and John W. Peterson and
             Derek Gaston and Cody Permann},
    year = {2024},
 journal = {{SoftwareX}},
  volume = {26},
   pages = {101690},
    issn = {2352-7110},
     doi = {https://doi.org/10.1016/j.softx.2024.101690},
     url = {https://www.sciencedirect.com/science/article/pii/S235271102400061X},
keywords = {Framework, Finite-element, Finite-volume, Parallel, Multiphysics, Multiscale},
}

@article{baratta2023dolfinx,
  title={DOLFINx: the next generation FEniCS problem solving environment},
  author={Baratta, Igor A and Dean, Joseph P and Dokken, J{\o}rgen S and Habera, Michal and HALE, Jack and Richardson, Chris N and Rognes, Marie E and Scroggs, Matthew W and Sime, Nathan and Wells, Garth N},
  year={2023}
}

@article{dewitt2020prisms,
  title={PRISMS-PF: A general framework for phase-field modeling with a matrix-free finite element method},
  author={DeWitt, Stephen and Rudraraju, Shiva and Montiel, David and Andrews, W Beck and Thornton, Katsuyo},
  journal={npj Computational Materials},
  volume={6},
  number={1},
  pages={29},
  year={2020},
  publisher={Nature Publishing Group UK London}
}

@article{zhang2019amrex,
  title={AMReX: a framework for block-structured adaptive mesh refinement},
  author={Zhang, Weiqun and Almgren, Ann and Beckner, Vince and Bell, John and Blaschke, Johannes and Chan, Cy and Day, Marcus and Friesen, Brian and Gott, Kevin and Graves, Daniel and others},
  journal={The Journal of Open Source Software},
  volume={4},
  number={37},
  pages={1370},
  year={2019}
}
@article{turk2010yt,
  title={yt: A multi-code analysis toolkit for astrophysical simulation data},
  author={Turk, Matthew J and Smith, Britton D and Oishi, Jeffrey S and Skory, Stephen and Skillman, Samuel W and Abel, Tom and Norman, Michael L},
  journal={The Astrophysical Journal Supplement Series},
  volume={192},
  number={1},
  pages={9},
  year={2010},
  publisher={IOP Publishing}
}
@article{qin2010phase,
  title={Phase field method},
  author={Qin, RS and Bhadeshia, HK},
  journal={Materials science and technology},
  volume={26},
  number={7},
  pages={803--811},
  year={2010},
  publisher={Taylor \& Francis}
}
@article{steinbach2009phase,
  title={Phase-field models in materials science},
  author={Steinbach, Ingo},
  journal={Modelling and simulation in materials science and engineering},
  volume={17},
  number={7},
  pages={073001},
  year={2009},
  publisher={IOP Publishing}
}
@article{burger2006phase,
  title={Phase-field relaxation of topology optimization with local stress constraints},
  author={Burger, Martin and Stainko, Roman},
  journal={SIAM Journal on Control and Optimization},
  volume={45},
  number={4},
  pages={1447--1466},
  year={2006},
  publisher={SIAM}
}
